<?xml version="1.0" encoding="UTF-8"?><collection xmlns="http://www.loc.gov/MARC21/slim"><record><leader>00504nam--2200133-i-4500</leader><controlfield tag="001">000027883</controlfield><controlfield tag="002">20161230</controlfield><controlfield tag="005">20161230201037</controlfield><controlfield tag="008">060222s1000------------r-----000-0-eng-d</controlfield><datafield ind1=" " ind2=" " tag="080"><subfield code="a">577.354.2(043)</subfield></datafield><datafield ind1=" " ind2=" " tag="100"><subfield code="a">Lederhofer, Raymund</subfield></datafield><datafield ind1=" " ind2=" " tag="245"><subfield code="a">Stochastische beschreibung der elementare photorezeptorantworten: analyse von latenz und uberlagerung am biespiel der ventrale photorezeptorzelle von limulus polyphemis. dissert</subfield></datafield><datafield ind1=" " ind2=" " tag="260"><subfield code="a">Aachen, Rheinisch-westfalischen Technischen, 1989, 261p</subfield></datafield><datafield ind1=" " ind2=" " tag="852"><subfield code="a">79265</subfield></datafield></record></collection>